2767 4425
2150 272 2247 336 25

246 462 485 541 dibus,
542 473 608 526 et
659 461 901 529 hilares
960 459 1197 523 avium·
1235 468 1598 523 concentus
1654 471 1786 521 non
1849 456 2060 527 audiri
2118 457 2244 533 nisi

246 577 538 644 Veneris
585 576 986 664 benignitate
1030 575 1394 641 excitatoss

345 772 352 776 Ι
451 695 726 775 Venus,
770 694 853 757 ad
894 670 1083 777 cujus
1128 689 1578 755 auctoritatem¹
1621 690 1905 775 juvenes
1952 702 2244 755 extremo

245 834 444 876 versu
526 808 1006 898 quodammodo
1060 798 1568 896 ‘provocarunt5
1628 807 1908 896 adauget
1978 806 2243 871 illorum

246 926 887 1017 adhortationemad
948 925 1247 1014 puellas,
1307 924 1462 989 dum
1504 948 1755 1013 cygnos
1811 924 1971 999 dicit
2025 944 2245 989 amore

222 1044 559 1133 &loquaces
605 1044 897 1110 redditos
956 1064 1169 1120 esse,-
1209 1039 1335 1105 etsi
1366 1063 1514 1105 non
1556 1050 1840 1121 canoro,
1901 1062 2101 1105 rauco
2156 1052 2245 1104 ta-

244 1183 396 1222 men
431 1146 586 1243 ore3
645 1159 801 1246 quin
832 1148 1027 1224 etiam
1065 1157 1489 1246 philomelam
1518 1170 1584 1221 et
1627 1156 2046 1231 hirundinem
2074 1178 2246 1220 amo·

247 1294 385 1339 rem
431 1275 650 1363 potius
695 1299 890 1363 quam
933 1275 1258 1340 tristitiam
1302 1275 1558 1340 musico
1607 1294 1720 1343 ore
1762 1256 2078 1361 profiteri.

455 1392 585 1458 Tot
628 1392 958 1479 tantisque
1007 1392 1202 1456 claris
1248 1391 1574 1479 exemplis
1622 1390 2004 1478 propositis,
2062 1389 2247 1477 puel-

244 1506 348 1568 lae
413 1507 588 1572 velle
648 1532 798 1573 sese
842 1510 1218 1573 concedunt
1276 1508 1345 1571 in
1396 1488 1877 1571 vmatrimonium
1922 1504 2117 1584 duci,
2177 1517 2249 1568 nt

249 1612 539 1685 omnium
618 1624 990 1687 animalium
1063 1627 1363 1688 fortunae
1419 1632 1485 1685 et
1552 1620 1834 1685 laetitiae
1894 1619 2248 1707 participes

249 1736 442 1815 flant,
485 1752 615 1801 neu
658 1738 1028 1827 nuptiarum
1073 1752 1380 1841 expertes
1426 1749 1780 1802 extremam
1825 1736 1957 1800 sibi
1993 1748 2248 1813 contraf

245 1854 404 1917 liant
450 1854 904 1918 calamitatem.
992 1853 1071 1918 ld
1114 1854 1289 1941 quod
1337 1866 1408 1919 ut
1451 1850 1724 1917 Gratiae
1760 1836 2247 1941 profiterentur,

237 1970 373 2056 jam
420 1970 572 2035 inde
619 1970 700 2034 ab
745 1968 1051 2059 carminis
1095 1968 1284 2034 initio
1325 1968 1698 2058 Cupidines
1743 1961 2160 2059 appetebant.¹

414 2108 417 2111 ·
456 2087 607 2151 Tali
646 2088 788 2153 fere
827 2088 1022 2152 modo
1064 2110 1327 2153 carmen
1391 2088 1568 2175 quod
1605 2075 1955 2181 tractamus
1992 2060 2250 2152 videtur

249 2201 710 2291 explicandum
745 2227 917 2268 esse.
979 2200 1057 2269 Si
1101 2205 1249 2293 quis
1279 2227 1439 2268 vero
1484 2203 1550 2268 in
1598 2226 1677 2267 eo
1712 2202 2022 2285 offendat,
2070 2204 2247 2292 quod

244 2332 468 2385 nostra
496 2319 732 2386 divisio
778 2320 962 2385 sibi
944 2321 1073 2408 ipsi
1109 2345 1242 2426 non
1282 2322 1529 2411 ubique
1558 2323 1714 2386 satis
1746 2331 2054 2386 constans
2098 2344 2247 2384 esse

250 2436 583 2516 videatur,
645 2461 792 2502 cum
852 2433 1159 2504 carminis
1228 2441 1532 2526 strophas
1605 2439 1798 2504 modo
1854 2437 2026 2501 inter
2083 2437 2247 2501 duo's

246 2556 486 2618 choros
532 2553 993 2633 dlviserimus,
1038 2554 1234 2619 modo
1278 2554 1612 2619 Venerem
1659 2577 1946 2641 quoque
1990 2565 2248 2618 cantan-

244 2681 377 2735 tem
419 2668 815 2752 fecerimus,
885 2670 955 2733 in
1014 2670 1158 2758 ipsa
1188 2641 1319 2752 villa
1373 2655 1715 2736 saltatione
1781 2670 1988 2735 l'uisse
2039 2670 2251 2759 suspi-

245 2809 401 2868 cor,
474 2781 645 2873 -qu'o
682 2784 1047 2873 inaequalis
1115 2787 1424 2852 carminis
1484 2777 1720 2854 dirisio
1788 2769 2250 2875 com-probare·

244 2907 375 2974 tur.
496 2901 698 2987 Quod
767 2901 1034 2990 quidem
1094 2904 1260 2969 duos
1318 2893 1566 2969 tautum
1628 2904 1816 2969 locos
1882 2904 2252 2969 invenimus

241 3018 351 3101 (in
409 3018 599 3083 tertia
657 3022 921 3108 stropha
984 3032 1051 3083 et
1104 3019 1174 3084 in
1233 3023 1444 3104 nona)
1504 3019 1573 3083 in
1634 3018 1871 3105 quibus
1915 3018 2253 3084 Venerem

248 3147 543 3201 cantasse
572 3125 945 3202 diceremus
964 3159 1001 3214 ,¹
1031 3113 1261 3201 nescio
1293 3157 1375 3199 au
1410 3136 1670 3200 fortuna
1703 3134 1990 3214 adversa
2009 3134 2254 3200 factum

248 3252 357 3331 sit,
396 3249 475 3316 ut=
490 3251 722 3317 tertius
755 3250 1018 3341 quidam
1038 3251 1227 3322 locus
1262 3274 1458 3338 quem
1486 3250 1715 3315 Venus
1745 3247 1873 3313 sibi
1900 3251 2257 3339 sumpserit

136 3389 143 3394 “
249 3392 287 3433 e
332 3369 619 3434 carmine
663 3378 1113 3442 evanesceret.
1171 3359 1407 3432 Sexta
1442 3366 1617 3430 enim
1648 3368 1955 3452 stropha,
2016 3378 2085 3431 ut
2117 3367 2255 3451 jam

248 3508 449 3573 supra
478 3484 720 3550 dictum
750 3497 883 3588 (εει,ἱ
922 3463 1183 3551 vi‹fetur
1209 3506 1438 3547 manca
1474 3506 1650 3563 esse,
1698 3504 1864 3592 quae
1904 3482 1960 3546 si
2002 3482 2256 3571 integra

249 3612 453 3682 esset,
502 3601 680 3687 quod
710 3600 983 3666 Veneri
1002 3600 1524 3686 adjudicaremus
1566 3599 1838 3666 forsitan
1876 3599 2255 3683 exhibet-etz,

253 3740 385 3803 quo
430 3719 640 3799 facto,
690 3717 787 3782 iu
806 3716 996 3782 tertia
1036 3741 1296 3805 quaque
1333 3721 1603 3806 stropha
1625 3718 1769 3783 Dea
1802 3718 2029 3782 haud
2010 3741 2256 3796 incom-

252 3823 446 3897 mode
490 3833 915 3922 loqueretur..
988 3817 1229 3921 Atcjue,
1258 3834 1332 3899 id
1372 3858 1679 3923 quoque,
1725 3836 1902 3923 quod
1936 3834 2003 3899 in
2034 3833 2258 3898 ultima
