2767 4425
565 241 653 304 18

551 419 920 485 Gratiarum
991 417 1188 482 simul
1263 417 1658 494 sententiam·
1715 416 2195 506 quodammodo
2255 434 2574 508 repetunt

551 549 616 601 et
646 535 874 599 fusius
916 546 1230 616 tractant,
1287 534 1549 601 -festum
1611 534 2041 599 admonentes
2102 535 2392 611 crastino
2454 537 2567 603 die

548 654 617 717 in
660 651 831 739 casis
881 650 1146 737 myrteis
1192 649 1705 741 instituendum,
1750 650 2222 739 Venerisque,
2266 676 2566 719 amorum

549 756 920 834 mutuorum
960 765 1244 830 auctoris
1268 810 1287 845 ‚
1354 766 1419 829 in
1460 790 1539 830 eo
1571 767 2133 851 jurisdictionem.

1322 928 1607 1017 stropha
1677 931 1768 995 Π.

759 1063 1120 1150 Postquam
1163 1061 1400 1126 iterum
1460 1084 1688 1127 omnes
1748 1046 1840 1127 et
1857 1061 2120 1129 Gratiae
2173 1077 2237 1128 et
2280 1036 2562 1152 Cupidi-

551 1205 710 1262 nes,
757 1202 1022 1243 versum
1066 1177 1522 1249 intercalarem
1568 1192 1950 1280 canentes,
1979 1181 2046 1243 in
2093 1180 2252 1244 orbe
2295 1181 2561 1245 rotatim

552 1298 902 1393 saltarunt,
960 1293 1153 1377 hujus
1194 1276 1499 1379 strophae
1547 1293 1889 1359 dimidium
1953 1320 1988 1360 a
2032 1294 2281 1362 Gratiis
2337 1309 2561 1363 canta·

551 1426 683 1479 tum
732 1434 878 1509 esse
924 1406 1191 1475 censeo.

718 1531 846 1596 Ipsa
879 1531 1117 1599 gemmis
1152 1508 1544 1597 purpurantem
1580 1529 1770 1598 pingit
1810 1547 2009 1582 annum
2063 1531 2278 1581 floridis

584 1636 665 1684 10.
721 1633 849 1698 Ipsa
890 1628 1178 1700 surgentes
1230 1633 1467 1699 papillas
1516 1635 1582 1682 de
1615 1631 1831 1683 Favoni
1868 1633 2067 1698 spiritu
2131 1652 2140 1657 ·

604 1794 612 1807 ,
717 1736 896 1802 Urget
932 1735 985 1785 in
1023 1735 1194 1785 nodos
1216 1738 1535 1799 tumentes;
1595 1733 1718 1800 ipsa
1753 1735 1895 1784 roris
1945 1734 2117 1786 lucidi

724 1820 840 1887 No(
845 1835 916 1887 tis
953 1851 1087 1891 aura
1125 1851 1301 1903 quem
1336 1819 1601 1900 relinquit
1636 1836 1849 1913 spargit
1885 1837 2175 1886 humentes
2212 1853 2400 1901 aquas,

720 1916 793 1988 Et
827 1928 1031 1988 micant
1056 1937 1179 2001 ¹²)
1199 1935 1461 1987 lacrimae
1501 1942 1796 1987 trementes
1832 1938 1898 1988 de
1936 1940 2140 1997 caduco
2175 1930 2444 2004 pondere;

723 2041 894 2090 Gutta
929 2036 1190 2105 praeceps
1228 2038 1360 2088 orbe
1409 2054 1581 2103 parvo
1618 2038 1862 2101 sustinet
1909 2036 2070 2090 casus
2106 2057 2272 2103 snos;

698 2138 869 2214 Hinc
901 2140 1167 2206 pudorem
1212 2139 1540 2188 florulentae
1586 2137 1948 2204 prodiderunt
1977 2158 2276 2224 purpurae.

552 2248 669 2316 Sic
712 2246 1018 2326 Gratiae,
1067 2244 1483 2309 antecedenti
1528 2224 1933 2333 Cupidinum
1981 2247 2200 2311 cantui
2252 2249 2558 2314 assentiri

550 2390 685 2431 non
728 2365 1088 2444 audenteS,
1153 2385 1233 2425 eo
1277 2351 1557 2425 redeunt
1614 2373 1685 2424 ut
1725 2362 1936 2425 Deam
1980 2363 2285 2426 laudibus
2346 2367 2553 2430 extol-

548 2483 725 2561 lant,
774 2480 951 2567 quod
995 2491 1296 2568 recentes
1336 2477 1533 2541 flores
1580 2471 1956 2563 producat,
1998 2476 2065 2539 ln
2120 2477 2378 2563 quibus*
2406 2479 2549 2565 pul·

550 2597 938 2663 cherrimam
995 2618 1249 2675 rosam,
1312 2615 1534 2680 'quam
1613 2603 1992 2655 nascentem
2062 2593 2549 2681 elegantissime

550 2713 957 2784 describunt.
1046 2710 1314 2776 Etenim
1358 2707 1628 2772 Venere
1669 2707 1897 2796 dicunt
1939 2721 2203 2772 auctore
2258 2710 2324 2773 in
2369 2701 2550 2774 fruti-

530 2830 738 2910 cibus
783 2828 890 2916 agi
932 2848 1221 2916 gemmas
1266 2826 1368 2913 (h.
1420 2846 1481 2891 e.
1529 2799 1759 2898 oculos
1786 2868 1807 2904 ,
1867 2824 2077 2912 prima
2124 2824 2329 2889 futuri
2369 2826 2547 2889 floris
2624 2887 2628 2892 ,

540 2927 889 3032 indicia),
928 2957 1240 3032 ¹gemmas
1282 2940 1558 3005 Favonii
1604 2943 1817 3004 afflatu
1861 2941 2090 3034 augeri
2134 2941 2205 3004 in
2268 2943 2547 3031 papillas

548 3066 638 3148 (b.
688 3087 748 3125 e.
786 3061 992 3149 prima
1021 3057 1376 3147 germina),
1426 3037 1726 3146 pap-'illas
1749 3055 2208 3134 extumescere
2239 3058 2307 3122 in
2347 3059 2547 3150 nodas

552 3182 645 3265 (h.
696 3202 756 3241 c.
810 3177 1199 3263 alabastros)
1243 3175 1402 3264 qui,
1454 3199 1603 3239 rore
1647 3177 1961 3272 matutino
2005 3174 2395 3265 conspersi,
2437 3174 2548 3238 sso·
2608 3240 2612 3246 ,

551 3296 845 3358 rulcntae
894 3293 1221 3380 purpurae
1264 3294 1585 3380 pudorem
1630 3294 1909 3380 prodant
1943 3294 2038 3371 (b.
2077 3314 2147 3358 e.
2198 3289 2545 3355 rubescen-

547 3403 657 3475 tes
692 3407 1035 3475 dehiscant
1075 3433 1150 3474 ac
1182 3401 1670 3495 sesepandant.
1739 3406 1917 3470 Ptin.
1960 3407 2054 3469 H.
2095 3407 2181 3471 N.
2216 3405 2405 3489 XXI,
2437 3407 2541 3494 4).

620 3625 715 3694 Π)
766 3624 1026 3688 Orellius,
1066 3642 1228 3691 quem
1266 3624 1321 3676 in
1352 3624 1666 3686 universum
1704 3634 1927 3679 secutus
1963 3643 2106 3689 sum,
2147 3621 2368 3689 scripsit
2415 3622 2544 3683 „En

758 3717 1050 3778 micant“,
1104 3719 1199 3768 sed
1232 3717 1341 3769 non
1378 3725 1463 3771 est
1499 3731 1595 3770 cur
1627 3720 1778 3771 codd.
1817 3718 2110 3770 lectionem
2159 3714 2339 3777 ‚2Et“
2390 3714 2541 3765 801Ιί-

729 3808 1023 3870 citemus,
1073 3816 1168 3861 aut
1203 3811 1550 3862 scribendum
1589 3817 1674 3863 est
1711 3812 2083 3876 „Eunicunt“.
