2767 4425
542 290 641 355 24

824 477 953 528 Jam
988 474 1251 539 loquaces
1287 487 1385 522 ore
1417 484 1585 522 rauco
1623 474 1820 537 stagna
1855 466 2019 537 cygni
2058 468 2404 532 perstrepunt
2507 460 2512 463 ⁷

580 579 667 633 85.
721 577 962 632 Adeonat
998 574 1167 626 Terei
1204 573 1393 640 puella
1428 572 1619 622 subter
1653 571 1908 621 umbram
1945 567 2137 635 populi

718 681 793 733 Ut
828 676 1003 745 putes
1024 683 1210 729 motus
1245 673 1454 726 amoris
1489 689 1584 724 ore
1619 671 1731 723 dici
1765 670 1977 723 musico

719 780 793 835 Et
826 795 998 849 neges
1034 752 1189 847 queri
1224 792 1471 830 sororem
1508 775 1574 826 de
1608 772 1809 825 marito
1843 774 2100 827 barbaro.

825 881 932 931 Illa
968 884 1180 942 cantat,
1218 893 1318 929 nos
1356 870 1621 928 tacemus.
1695 874 1925 939 Quando
1961 890 2061 924 ver
2090 872 2241 925 venit
2274 889 2461 925 meum

718 982 949 1049 Quando
985 997 1092 1051 ego
1117 980 1206 1047 ¹⁸)
1242 981 1374 1032 fiam
1410 982 1473 1030 ut
1508 975 1796 1053 Chelidon,
1837 983 1897 1029 ut
1934 983 2114 1028 tacere
2150 975 2439 1043 desinam?

581 1086 667 1138 90ss
721 1083 948 1136 Perdidi
981 1083 1202 1134 Musam
1240 1082 1489 1143 tacendo,
1528 1097 1628 1131 nec
1663 1095 1753 1130 me
1787 1078 2050 1130 Phoebus
2086 1079 2330 1146 respicit.

606 1206 622 1215 ··
692 1186 817 1239 ‘Sic
851 1185 1111 1250 Amyclas
1126 1209 1151 1245 ‚>
1178 1200 1304 1234 cum
1342 1188 1615 1245 tacerent,
1651 1179 1906 1251 perdidit·
1928 1180 2226 1235 silentium.

753 1323 1014 1388 Horum
1061 1323 1411 1391 duodecim
1444 1345 1753 1390 versuum
1798 1298 2174 1387 distributio
2217 1345 2371 1387 suas
2441 1325 2548 1388 ba-

543 1436 661 1502 het
717 1438 1172 1522 difficultates,
1232 1432 1380 1506 cum
1419 1441 1788 1526 ¹quominus
1848 1463 1931 1502 ex
1990 1439 2070 1504 iis
2115 1426 2237 1504 ses
2295 1440 2552 1527 priores

544 1553 913 1644 virginum,
975 1538 1381 1645 posteriores
1449 1557 1768 1640 juvenum
1837 1558 2042 1621 choro
2099 1555 2549 1640 adjudicemus

484 1683 614 1735 set
668 1673 1018 1737 verborum
1080 1684 1406 1737 structura
1473 1678 1635 1760 (qua
1691 1695 1930 1759 versus!
1987 1683 2213 1736 sextus
2263 1672 2409 1736 cum
2452 1695 2551 1736 se.

447 1818 451 1821 v
544 1773 752 1874 ptimo
794 1801 970 1854 arcte
1000 1788 1407 1875 ‘conjunctus
1454 1795 1583 1871 est)
1626 1800 1691 1853 et
1732 1788 1878 1876 ipse
1925 1788 2545 1876 sensusimpediat.

544 1904 810 1969 Etenim
889 1916 1218 1970 extremos
1296 1917 1573 1992 quatuor
1646 1926 1880 1970 versus
1963 1928 2098 1971 nou
2160 1903 2549 1989 juvenibus,

549 2021 798 2109 quippe
860 2022 976 2108 qui
1006 2024 1106 2087 =se
1169 2022 1538 2088 chelidonis
1591 2022 1796 2087 instar
1852 2033 2112 2086 cantare
2162 2008 2296 2083 non
2347 2004 2549 2105 posse

551 2148 616 2200 et
667 2161 702 2201 a
743 2138 1020 2204 Phoebo
1077 2139 1423 2228 neglectos
1481 2160 1631 2204 esse
1684 2140 1906 2228 inepte
1965 2115 2364 2229 querantur,'
2433 2138 2555 2203 sed

545 2255 789 2346 puellis
834 2268 1105 2345 apparet
1146 2258 1531 2322 tribuendos
1577 2280 1751 2321 esse.
1846 2255 2110 2343 Quodsi
2154 2237 2384 2323 verum
2425 2268 2549 2338 est,

537 2371 676 2455 jam
743 2357 1015 2459 propter
1073 2374 1435 2439 saltationis
1504 2365 1959 2461 aequalitatem
2019 2372 2210 2436 alteri
2275 2384 2554 2460 quatuor

546 2509 780 2552 versus
839 2487 1131 2577 eligendi
1174 2504 1365 2573 sunt,
1443 2515 1608 2581 quos
1660 2492 1978 2576 juvenum
2022 2510 2180 2552 esse·
2230 2489 2545 2555 dicamus.

544 2601 855 2684 Fortasse
921 2604 1120 2692 igitur
1181 2607 1261 2670 ab
1308 2608 1669 2694 juvenibus
1720 2604 1916 2694 primi
1986 2605 2184 2669 totius
2242 2609 2548 2693 strophae

474 2781 485 2790 J
548 2731 827 2806 quatuor
898 2727 1129 2786 ‘versus
1193 2726 1444 2790 cantati
1489 2736 1681 2808 sunt3
1739 2720 1938 2785 medii
1994 2732 2210 2786 autem
2277 2733 2552 2809 quatuor

547 2836 777 2900 nescio
833 2862 915 2905 au
971 2840 1107 2905 sint
1166 2840 1299 2928 ipsi
1353 2838 1612 2922 Veneri
1670 2815 2023 2910 tribuendi.
2111 2837 2263 2925 Qua
2317 2860 2399 2901 ex
2455 2838 2550 2902 di·

542 2952 802 3019 visione
831 2958 1330 3036 sententiarum
1345 2955 1452 3019 hic
1481 2954 1745 3038 exsistit
1777 2973 1989 3019 nexus
2035 2965 2100 3018 ct
2126 2977 2546 3042 progressus.

755 3116 1052 3182 Juvenes
1126 3140 1275 3185 cum
1335 3116 1407 3180 id
1461 3128 1689 3206 agant,
1752 3128 1825 3180 ut
1867 3114 2120 3203 puellis
2182 3113 2552 3202 nuptiarum

523 3223 1008 3317 ¹praestantiam
1088 3221 1565 3326 persuadeant,
1628 3233 1733 3297 vel
1790 3230 2098 3296 animalia.
2148 3233 2553 3316 contendunt

547 3346 820 3412 Amoris
865 3348 1150 3412 vinculis
1195 3349 1367 3418 velle
1414 3349 1684 3430 teneri-3·
1712 3348 1904 3412 etiam
1948 3347 2208 3425 tauros,
2255 3348 2550 3434 quamvis

546 3463 892 3528 fortissimi
944 3464 1120 3544 sint,
1184 3488 1318 3528 non
1379 3465 1728 3551 repudiare
1786 3461 2095 3542 tutelam,
2172 3486 2339 3550 quae
2398 3487 2553 3528 cou-

538 3561 753 3666 jugio‘
786 3567 1094 3669 paretur-3,
1170 3603 1327 3645 oves
1379 3582 1572 3647 dulce
1642 3578 1988 3670 quiescere
2048 3580 2280 3646 hoedis
2338 3591 2551 3644 custo·

623 3844 640 3874 ¹
657 3841 712 3908 ⁸)
764 3843 1015 3897 Praetuli
1050 3813 1489 3899 emendationem
1522 3841 1802 3920 Salmasii.
