2767 4425
497 285 590 349 56

495 469 670 533 Eum
712 470 1031 536 inermem
1070 482 1256 552 esse,
1305 472 1419 560 qni
1462 472 1678 537 nudus
1722 471 1847 566 sit,
1873 482 1971 535 vre
2015 471 2159 559 ipsa
2206 488 2509 562 apparet,

494 589 697 676 idque
750 588 991 654 docere
1049 600 1115 653 et
1169 589 1438 654 omnino
1479 590 1779 655 otiosum
1835 600 1973 668 est,
2024 600 2108 654 ‘et
2159 592 2287 656 hoe
2350 591 2509 658 loco

496 682 691 792 plane
748 705 1086 794 ineptum,
1164 704 1316 792 qnia
1375 705 2093 771 sententiarumnexui
2148 721 2501 798 repugnat.

485 823 752 888 ‘Verum
795 822 968 913 enim
1013 842 1212 901 vero,
1263 823 1390 885 hoc
1436 832 1536 886 est
1576 822 1963 895 miraculum
2009 824 2277 907 mundi,
2323 826 2506 914 quod

493 938 708 1006 Amor
754 941 968 1004 nudus
1015 950 1190 1004 totus
1235 939 1303 1002 iu
1359 938 1559 1002 armis
1603 961 1750 1002 esse
1802 939 2131 1025 putandus
2179 941 2287 1006 sit.
2375 942 2501 1008 lta-

497 1081 628 1145 que
668 1057 1093 1143 rejiciendam
1150 1046 1393 1121 censeo
1443 1056 1734 1144 ineptam
1790 1056 2112 1121 librorum
2165 1033 2490 1124 manuscr.

496 1174 911 1262 scripturam.
944 1214 1030 1229 -—
1107 1172 1392 1241 Mettum
1437 1185 1510 1238 nt
1546 1184 1814 1249 sanetur
1852 1173 2303 1258 trajectionem
2343 1197 2493 1262 pro-

490 1293 646 1357 bare
695 1291 964 1370 dubito,
1027 1313 1114 1354 ne
1154 1289 1547 1355 vocabulum
1620 1289 1962 1371 „Totns“
2021 1291 2201 1378 quod
2239 1290 2499 1356 videtur

491 1407 770 1472 maxime
825 1430 974 1472 esse
1030 1404 1441 1496 urgendum,
1500 1418 1916 1472 removeatur
1961 1432 1999 1472 a
2041 1431 2273 1474 versus
2318 1409 2495 1497 prin-

494 1526 694 1614 cipio.
806 1523 980 1588 Vitia
1037 1524 1307 1589 metrica
1361 1528 1432 1589 in
1490 1520 1616 1589 hoc
1673 1526 1961 1590 carmine
2021 1548 2155 1590 non
2208 1526 2497 1591 inaudita

491 1657 665 1711 suut.
754 1641 956 1707 Cous.
1006 1666 1069 1707 v.
1101 1644 1194 1707 55
1236 1642 1467 1730 pueri3
1526 1665 1590 1707 v.
1636 1642 1725 1705 72
1770 1643 2158 1707 Romuleas·

1370 1783 1438 1823 v.
1493 1759 1616 1823 46.

574 1876 747 1943 cod.
794 1878 876 1942 P.
965 1878 1285 1944 Detinent
1328 1891 1396 1945 et
1435 1890 1568 1945 tota
1609 1900 1743 1942 nox
1787 1873 1889 1943 est
1930 1915 2008 1930 -

571 1993 745 2060 cod.
795 1991 871 2059 S.
957 1994 1314 2061 Detinentc
1358 2008 1493 2062 tota
1533 2018 1668 2060 nox
1710 2005 1814 2060 est
1856 2033 1939 2048 -·
2104 1973 2108 1979 ‚

488 2090 779 2177 Codices
820 2111 891 2175 iu
936 2132 1015 2176 eo
1060 2113 1536 2196 conveniuut‚'
1574 2112 1753 2201 quod
1813 2111 2163 2177 exhibente
2195 2106 2486 2193 ³„Deti-

485 2239 794 2314 nente,“;
839 2230 1056 2295 littera
1088 2242 1152 2312 t,
1202 2254 1368 2318 quae
1409 2231 1482 2295 in
1527 2231 1675 2297 cod.
1708 2230 1790 2294 P.
1834 2229 2155 2313 abundat,
2201 2252 2237 2293 e
2281 2230 2492 2318 prima

485 2350 899 2437 insequentis
956 2347 1263 2413 vocabuli
1321 2327 1533 2432 (tota)
1590 2348 1845 2430 littera,
1917 2347 2090 2412 falso
2131 2348 2487 2436 duplicata,

485 2467 810 2557 originem
868 2460 1136 2530 duxisse
1186 2473 1490 2552 apertum
1552 2480 1677 2531 est.
1789 2463 1907 2531 Sic
1954 2466 2107 2529 cod.
2155 2466 2239 2530 P.
2286 2490 2350 2531 v.
2396 2465 2491 2531 35

486 2585 645 2673 quid
704 2583 943 2671 digne,
1006 2606 1127 2669 pro
1174 2582 1334 2670 quid
1386 2583 1566 2672 igne.
1654 2582 2011 2647 Detiuente
2068 2593 2285 2649 antem
2326 2584 2488 2648 scri-

483 2716 666 2791 ptum
710 2724 860 2765 csse
907 2722 1151 2764 censeo
1195 2724 1318 2787 pro
1345 2730 1362 2763 z
1422 2699 1839 2781 Retinenda,
1885 2721 2034 2763 nam
2075 2710 2103 2764 t
2145 2710 2211 2765 et
2252 2700 2296 2763 d
2335 2723 2488 2786 per-

481 2818 705 2884 multis
750 2817 916 2882 locis
956 2827 1319 2906 permutata
1361 2830 1517 2883 suut
1553 2807 1688 2899 (cf.
1733 2803 1882 2881 eod.
1924 2817 2004 2881 P.
2045 2838 2106 2881 v.
2155 2819 2243 2881 16
2283 2817 2483 2880 relin-

485 2936 687 3026 quid,
743 2961 808 3001 ν.
857 2936 950 3000 59
990 2935 1474 3023 incruendum)
1508 2948 1574 3030 et
1612 2934 1938 3010 vocalium
1980 2934 2051 2999 in
2091 2933 2268 2999 exitu
2305 2932 2486 3021 posi-

481 3057 693 3120 tarum
753 3050 1177 3141 corruptione
1235 3053 1398 3119 nihil
1456 3053 1871 3141 frequentius
1940 3053 2068 3140 (ef.
2115 3073 2178 3117 v.
2226 3052 2314 3115 19
2365 3051 2484 3115 flo-

483 3173 744 3238 rulente
806 3177 1164 3259 pul-pore).
1271 3170 1498 3237 Velim
1561 3172 1765 3261 igitur
1834 3170 2159 3237 scribatur
2230 3168 2486 3251 „Deti-

418 3263 427 3268 Ι
479 3290 699 3353 nenda
739 3301 871 3353 tota
912 3312 1047 3353 nox
1087 3291 1348 3371 (est)“
1370 3333 1395 3368 ,
1442 3287 1620 3375 quod
1652 3289 1790 3373 jam
1830 3288 2119 3354 restituit
2157 3285 2482 3351 Heinsius

479 3407 559 3471 ad
604 3404 806 3471 Ovid.
854 3429 938 3471 ex
973 3406 1173 3471 Pont.
1219 3401 1348 3484 lv,
1401 3406 1535 3486 10,
1591 3405 1686 3469 67
1726 3406 1841 3469 nbi
1882 3423 2094 3493 aeque
2139 3386 2333 3493 atque
2376 3403 2483 3469 hic

478 3524 721 3611 legitur
778 3525 1142 3605 „detinere
1182 3521 1442 3611 tempus
1466 3529 1550 3606 “3
1620 3534 1688 3588 et
1739 3520 1946 3588 ovid.
1991 3523 2155 3588 Met.
2199 3521 2512 3600 1,‘=·685.

482 3641 849 3720 „detinere
884 3641 1138 3706 -diem“
1201 3665 1359 3730 prox
1429 3641 1699 3729 explere
1745 3629 2005 3728 tempus
2048 3652 2159 3704 aut
2200 3639 2397 3703 diem.

685 3758 903 3822 Fuere
949 3758 1240 3846 quidem,
1288 3760 1404 3847 qni
1444 3759 1637 3824 etiam
1678 3757 1748 3822 in
1786 3757 1889 3822 his
1923 3756 2093 3823 locis
2139 3765 2483 3846 tantopere

432 3902 437 3906 ·
478 3875 914 3958 offenderent,
957 3887 1028 3941 ut
1045 3898 1170 3964 pro
1217 3920 1267 3959 ‚‚
1286 3877 1628 3944 detinuit“
1674 3876 1946 3944 mallent
1988 3920 2040 3957 ‚,
2058 3874 2484 3958 deminuit“;
