2767 4425
490 278 585 342 58

493 458 1154 543 demonstravimus3'
1195 458 1369 522 idem
1415 444 1540 524 hee
1584 458 1736 524 loco
1778 460 2024 524 factum
2070 481 2221 524 esse
2271 460 2508 525 verisi-

493 578 634 644 mili
652 589 775 648 est.
855 578 989 641 Pro
1031 581 1411 660 ‚‚restem“
1457 575 1878 641 scribendum
1908 598 2058 641 esse
2109 619 2161 658 ,‚
2178 586 2437 642 vestem
2454 585 2504 625 ‘⁴‘

491 695 651 761 viris
712 694 923 760 doctis
981 693 1317 777 adsentiog
1393 693 1821 781 quamobrem
1844 739 1867 776 ,
1927 692 2201 758 remotis
2257 695 2499 759 ceteris

478 812 796 885 omnihus
812 811 1212 897 conjecturis
1242 833 1494 893 „sume
1522 821 1768 875 vestem
1789 816 1841 853 “
1872 821 1974 875 est
1992 809 2495 876 restituendum.

491 928 838 1014 „Sumere
858 935 906 971 ‘⁶
950 939 1200 993 vestem
1250 951 1409 1015 prot
1468 926 1965 996 iuduere-dicit
2009 927 2204 994 etiam
2251 930 2490 997 Horat.

489 1050 569 1132 1,
613 1048 723 1131 2„
758 1047 846 1111 16
887 1045 1189 1127 (‚,modo
1227 1056 1489 1131 sumpta
1533 1056 1717 1110 veste
1764 1043 2034 1132 virili“)
2089 1046 2352 1135 aliique.

1362 1186 1429 1227 v.
1484 1162 1606 1226 60.
1993 1245 2000 1249 .

572 1281 745 1347 cod.
792 1280 874 1344 P.
935 1278 1021 1344 Ut
1067 1287 1253 1364 pater
1302 1278 1458 1343 totis
1511 1291 1768 1343 crearet
1810 1278 2032 1344 vernis
2082 1300 2323 1347 anuum
2372 1301 2493 1347 nu·

734 1397 955 1479 bihus.

567 1515 740 1582 cod.
789 1512 868 1583 S.
913 1511 1004 1581 Ut
1045 1520 1230 1599 pater
1271 1511 1424 1576 totis
1470 1510 1716 1576 creavit
1757 1510 1979 1576 vernis
2023 1523 2152 1575 eet.

690 1631 1134 1716 Conjuuctivo
1178 1641 1503 1713 „crearet
1523 1636 1573 1672 “
1621 1627 1853 1693 merito
1896 1628 2267 1716 praefertur
2304 1628 2491 1697 iudi·

483 1750 734 1817 eativus
772 1748 922 1815 eod.
967 1745 1047 1813 S.
1088 1783 1171 1799 --
1253 1747 1496 1835 Magna
1555 1759 1771 1810 autem
1814 1745 2145 1811 dissensio
2192 1759 2332 1813 erat
2387 1748 2488 1812 iu-

481 1881 583 1933 ter
626 1865 802 1931 viros
845 1865 1074 1929 ductos
1118 1864 1199 1929 de
1238 1862 1543 1931 codicum
1583 1862 1912 1932 lectione:
1970 1907 2021 1944 ,‚
2039 1863 2194 1928 totis
2228 1901 2307 1918 -
2337 1887 2484 1930 ver·
2526 1846 2532 1851 ¹

486 1984 590 2049 uis
630 2024 717 2036 --
760 1980 1113 2046 nubibus“
1139 2026 1161 2060 ‚
1222 2004 1416 2068 quam
1459 1980 1572 2046 vix
1625 1979 1893 2045 tolerari
1936 2003 2150 2068 posse
2202 1993 2478 2047 constat.

476 2101 823 2166 Haberet‘
877 2098 1052 2164 enim
1118 2121 1364 2179 nomeu
1424 2097 1777 2179 „nubibus
1796 2105 1844 2141 “
1922 2098 2055 2169 duo
2136 2098 2479 2184 adjectiva,

464 2228 810 2309 ‚,‚pater“
853 2230 1065 2283 autem
1100 2229 1167 2282 et
1210 2225 1595 2299 „annum“
1638 2239 1724 2280 ne
1777 2240 1978 2281 unum
2031 2217 2300 2311 quidem
2351 2240 2482 2306 quo

475 2362 789 2402 uumerus
817 2336 1118 2423 poeticus
1164 2347 1230 2399 et
1261 2334 1616 2423 elegantia,
1665 2357 1858 2422 quam
1903 2334 2212 2400 carminis
2255 2346 2483 2404 auctor

474 2456 545 2520 in
613 2456 781 2540 lueis
852 2453 1176 2517 similibus
1252 2452 1665 2532 observavit,
1737 2439 2010 2541 prorsus
2081 2453 2475 2517 laederetur.

475 2572 921 2659 Quamobrem
956 2573 1088 2658 jam
1116 2570 1800 2658 Pithoeusxeonjeeite
1848 2615 1898 2651 ‚,
1917 2578 2260 2654 vernus“‚
2301 2570 2481 2664 quod

471 2690 723 2778 placuit
764 2686 1126 2765 Seriverio,
1166 2687 1672 2768 Wernsdorfio‚
1717 2686 2001 2752 Orellio.
2088 2688 2183 2754 At
2224 2700 2478 2775 patrem

474 2806 626 2894 quia
668 2828 873 2871 verno
914 2816 1208 2891 tempore
1254 2804 1408 2868 totis
1451 2805 1530 2885 (i.
1581 2828 1645 2869 e.
1689 2805 2032 2886 omnibus,
2098 2804 2475 2893 permultis)

469 2922 758 2988 nubibus
786 2943 1029 2992 anuum
1062 2932 1243 2986 creet
1285 2966 1336 3003 ‚,
1352 2928 1699 2988 veruum“
1746 2923 1968 2988 dicere
2000 2920 2262 3004 dubit03
2304 2922 2472 2986 mul-

469 3055 672 3130 toque
726 3039 943 3104 malim
1002 3086 1053 3124 „
1071 3039 1363 3105 vernis“
1423 3040 1828 3130 conjungere
1885 3064 2034 3105 eum
2070 3038 2354 3104 nubibus
2406 3052 2476 3106 et

466 3184 590 3249 pro
620 3206 671 3242 „
687 3137 1237 3225 taciendam-ibere
1290 3164 1660 3240 ‚‚totum“‚
1704 3170 1773 3221 ut
1810 3149 2137 3245 pertineat
2168 3157 2251 3222 ad
2293 3201 2346 3237 „
2363 3181 2473 3221 au·

469 3284 690 3344 uum“
760 3286 826 3339 et
864 3276 1027 3357 haee
1073 3272 1159 3337 sit
1206 3275 1572 3340 sententiat
1634 3320 1686 3357 „
1706 3261 1898 3362 pater*
1935 3276 2197 3357 effecit,
2264 3287 2337 3339 ut
2378 3286 2471 3340 to·

465 3405 570 3457 tus
617 3413 826 3456 anuus
870 3390 940 3477 (i.
987 3414 1047 3454 e.
1095 3391 1294 3456 totius
1331 3391 1483 3455 anni
1508 3391 1949 3478 foecunditas)
1992 3390 2316 3480 originem
2359 3391 2472 3456 du-

467 3522 648 3577 eeret
682 3510 763 3575 ab
794 3509 1017 3575 vernis
1053 3509 1426 3574 nubibus.“
1459 3549 1546 3561 —-
1632 3509 1921 3577 Mettum
1956 3510 2024 3575 iu
2063 3508 2304 3575 talibus
2337 3532 2472 3575 uon

465 3626 654 3691 anxie
702 3636 804 3690 est
851 3627 1237 3691 curandum.

671 3740 988 3820 Ceterum
1031 3740 1397 3810 Salmasius
1454 3747 1621 3810 haue
1649 3756 1973 3826 ,nostram
2024 3743 2472 3829 conjecturam

463 3870 769 3942 tauquam
812 3855 970 3920 libri
1013 3879 1343 3926 manuscr.
1392 3861 1746 3926 lectionem
1788 3860 2017 3926 edidit.

1206 3977 1730 4009 ff*
