2767 4425
2205 241 2289 304 1⁷

178 467 184 471 -
285 419 652 486 Gratiarum
705 414 846 480 sive
893 414 1299 502 puellarnm3
1371 415 1553 493 inter*
1591 440 1751 505 quas
1796 442 1872 483 ea
1931 422 2082 511 lege
2145 448 2283 491 car-

284 561 433 601 men
493 534 562 599 in
608 533 984 611 universum
1029 533 1308 621 divisum
1354 532 1562 596 fuisse
1621 535 1963 616 existimo,
2025 553 2095 605 ut
2148 542 2282 607 sin·

282 652 580 740 gularum
624 650 1032 737 stropharum
1092 649 1346 737 dimidii
1389 674 1620 715 versus
1677 652 1758 716 ab
1824 654 1965 734 luis,
2028 656 2283 725 dimidii

283 767 364 831 ab
406 766 540 830 illis
586 776 1025 848 cantarentur,
1072 752 1445 848 itatarnen,
1500 781 1572 833 ut
1611 769 1758 857 ipsa
1800 769 2035 836 Venus
2063 775 2280 845 ,certis

283 881 670 971 quibusdam
715 882 881 947 locis
928 894 1186 947 cantum
1244 884 1685 972 participaret.

484 998 713 1087 [taque
759 997 1097 1062 videamus
1144 999 1302 1084 quid
1346 1000 1414 1063 in
1460 1002 1581 1065 hac
1620 1001 1941 1068 divisione
1988 1004 2070 1069 de
2115 1017 2277 1072 stro·

273 1117 399 1203 plna
451 1136 711 1204 quaque
775 1127 1154 1195 statuamus.
1400 1122 1406 1127 “
1769 1090 1776 1097 ⁸
2211 1114 2222 1120 ’

1187 1243 1452 1311 v.1.·

343 1367 477 1419 Cras
514 1373 663 1419 amet
699 1366 794 1433 qui
821 1381 1101 1432 nunquam
1136 1364 1381 1428 amavit3
1419 1364 1625 1445 quique
1660 1367 1869 1447 ornavit
1912 1387 2033 1425 cras
2074 1381 2239 1428 umet.

481 1476 616 1546 Hic
674 1500 948 1560 versus,
1009 1478 1537 1567 quotiescunque
1595 1474 1954 1568 repetitur,
2014 1506 2150 1550 non
2195 1489 2278 1552 ad

271 1594 450 1682 ipsas
493 1598 794 1684 strophas
838 1597 1168 1684 pertinet,
1215 1596 1335 1658 sed
1376 1594 1788 1659 intercalaris
1836 1609 1978 1681 est,
2025 1611 2090 1667 et
2133 1604 2310 1668 ubi--

275 1712 404 1796 que
447 1708 707 1774 videtur
767 1733 803 1773 a
840 1720 977 1774 toto
1019 1710 1222 1798 choro
1267 1730 1417 1772 esse
1463 1710 1779 1775 cantatus.
1867 1713 2070 1780 Haud
2114 1719 2274 1784 diffi.

270 1825 399 1889 eile
441 1824 833 1913 intelligitur
871 1826 980 1889 hic
1021 1823 1301 1895 maxime
1347 1823 1667 1910 quadrare
1714 1825 1785 1891 id
1827 1830 2004 1916 quod
2041 1833 2272 1924 Appu.

266 1939 437 2024 leius
479 1939 529 2003 l.
577 1939 625 2004 l.
674 1940 835 2022 dicit
874 1940 1137 2028 puellos
1178 1939 1573 2026 puellasque
1624 1940 1954 2011 interdum
2011 1948 2079 2014 in
2109 1953 2269 2017 orbe

265 2054 521 2122 rotatim
579 2055 909 2124 flexuosos
964 2057 1319 2137 inerrasse.

1046 2208 1351 2299 Stropha.
1427 2207 1479 2274 Ι.

442 2341 548 2393 Ver
581 2343 785 2393 novum
807 2379 822 2404 ‚
861 2358 960 2392 ver
985 2339 1108 2404 jam
1145 2355 1444 2424 canorum.
1485 2355 1583 2390 ver
1616 2347 1838 2395 renutu·
1875 2313 2027 2398 orbis
2062 2354 2162 2402 est.

435 2444 573 2495 Vere
609 2435 933 2526 concordant
967 2433 1212 2504 amores,
1249 2457 1380 2492 vere
1418 2436 1627 2493 nubunt
1662 2441 1844 2507 alites,

432 2545 505 2596 Et
537 2562 732 2596 nemus
768 2558 983 2595 comam
1018 2541 1249 2594 resolvit
1282 2538 1350 2593 de
1393 2541 1608 2594 maritis
1643 2542 1932 2598 imbribus.

330 2646 380 2697 5.
522 2642 657 2694 Cras
710 2659 960 2695 umorum
997 2643 1303 2711 copulatrix
1356 2643 1501 2694 inter
1536 2645 1760 2694 umbras
1793 2647 2052 2700 arborum

434 2744 691 2812 Implicut
727 2761 884 2797 casus
918 2744 1159 2797 virentes
1194 2745 1262 2796 de
1297 2745 1528 2813 flagello
1564 2751 1808 2812 myrteoz

430 2848 566 2900 Cras
598 2847 779 2916 Dione
805 2846 939 2910 jura
970 2846 1106 2899 dicit
1141 2846 1287 2899 fulta
1321 2846 1551 2898 sublimi
1604 2848 1819 2899 throno.

467 2949 690 3046 Hujus
780 2961 1119 3047 strophae·
1160 2970 1296 3024 tres
1370 2959 1628 3045 priores
1701 2953 1933 3025 versus
2011 2962 2259 3036 Gratiis

258 3075 516 3156 tribuo,
563 3076 968 3165 posteriores
1011 3075 1480 3164 Cupidinibus.
1572 3074 1836 3140 Gratiae
1882 3078 2085 3164 igitur
2131 3084 2259 3147 sal-

258 3202 469 3256 tantes
512 3193 690 3256 veris
720 3194 999 3264 reditum
1043 3193 1347 3273 laudant,
1397 3191 1573 3278 quod
1613 3192 1766 3254 anni
1798 3203 2053 3278 tempus
2097 3218 2256 3282 prae

255 3307 497 3373 ceteris
569 3299 789 3396 aptum
832 3310 946 3384 ⁸sit
1014 3309 1094 3373 ad
1163 3301 1425 3373 mutuos
1495 3306 1880 3373 excitandos
1956 3331 2252 3398 αιτιοι-εις

255 3426 448 3492 etiam
509 3428 756 3515 campis
811 3427 1103 3516 gramina
1158 3424 1376 3490 redire
1435 3424 1841 3512 frondesque
1884 3426 2252 3494 arboribus.

252 3541 406 3629 Quo
443 3544 657 3624 facto,
702 3542 1108 3631 Cupidinum
1169 3554 1270 3606 est
1313 3533 1584 3606 eosdem
1637 3527 1992 3621 ..decoros
2051 3544 2251 3609 ambi-

249 3667 421 3724 tus“
478 3669 824 3749 repetere,
880 3658 1064 3739 sive,
1127 3651 1195 3723 ut
1249 3655 1452 3722 altera
1495 3656 1819 3754 Appuleji
1881 3681 2045 3724 voce
2109 3655 2252 3727 utar

249 3777 737 3866 „reciprocum
793 3775 1163 3842 discursum
1183 3783 1234 3820 “
1290 3775 1556 3858 faeere,
1614 3775 1792 3866 quod
1836 3775 1991 3842 dum
2047 3790 2249 3867 agunt

452 3891 466 3900 ,
586 3889 629 3926 ,ε
1288 3932 1297 3938 “
1789 3894 1828 3955 2
