2767 4425
457 320 545 404 υ

459 501 530 566 in
575 525 703 591 qua
745 504 974 594 Hybla
1032 505 1154 571 sita
1213 517 1389 588 erat,
1458 530 1497 570 a
1547 505 1991 573 Doriensihu's
2033 504 2465 595 maximeque

459 643 496 687 a
552 617 917 691 Corinthiis
977 635 1404 712 occupatam,
1479 634 1672 711 atque
1712 620 2103 712 Syracusis,
2171 624 2468 705 celeber-

459 735 660 802 rimae
691 737 1190 807 Corinthiorum
1233 740 1531 807 coloniae
1578 732 2072 827 quodammodo¹
2104 741 2460 824 subditam,

459 865 564 936 et,
611 857 788 942 quod
835 859 1102 946 quidem
1143 858 1441 923 Deorum
1471 858 1733 924 cultum
1770 858 2036 942 attinet,
2082 858 2469 943 obsecutam

457 970 706 1057 fuisse,
754 973 927 1039 iuter
969 997 1198 1040 omnes
1245 985 1523 1045 constat.
1612 973 1884 1063 Itaque,
1942 998 2090 1040 cum
2136 979 2468 1066 quomodo

469 1087 697 1172 Venus
740 1090 1007 1178 Hyblae
1050 1092 1224 1156 culta
1265 1091 1351 1156 sit
1403 1091 1562 1155 nihil
1608 1091 2104 1179 acceperimus,
2167 1119 2338 1184 quae
2384 1082 2467 1162 de

459 1204 952 1273 Corinthiorum
975 1210 1156 1275 cultu
1177 1209 1408 1274 tradita
1439 1220 1595 1272 sunt
1622 1222 1771 1274 ante
1793 1211 2012 1275 omnia
2034 1212 2467 1301 respiciamus

460 1347 740 1391 necesse
784 1336 933 1408 est,
975 1326 1273 1414 possitne
1319 1326 1475 1391 inde
1520 1326 1770 1415 aliquid
1804 1329 1886 1395 ad
1918 1329 2298 1418 Hyblaeum
2327 1329 2468 1399 Veae

457 1441 637 1506 neris
682 1443 923 1507 festum
967 1444 1450 1509 enucleandum
1506 1445 1848 1510 commode
1885 1446 2204 1512 adhiberi.
2291 1448 2468 1521 Nus·

461 1582 658 1647 quam
697 1572 953 1642 autem,
1024 1585 1158 1626 non
1227 1536 1424 1628 modo
1485 1562 1659 1627 iuter
1712 1562 2082 1650 Dorienses
2133 1567 2266 1632 >sed
2333 1554 2468 1632 tot'a

424 1675 742 1742 ‘Graecia
794 1677 1033 1745 Venus
1094 1680 1453 1766 majoribus
1523 1680 2047 1757 solemnitatibus
2106 1685 2284 1751 culta
2338 1695 2466 1763 est,

457 1817 655 1881 quam
701 1792 1048 1879 Corinthi,
1098 1796 1178 1859 de
1229 1820 1510 1882 quorum
1554 1796 2181 1883 Aphrodisiisprae
2223 1800 2466 1864 ceteris

459 1909 906 1991 memorabilis
952 1923 1055 1975 est
1083 1910 1413 1999 Appuleji
1449 1911 1909 1978 Madaurensis
1953 1913 2259 1993 narratio.
2352 1913 2466 1980 Ab

458 2026 823 2107 Corinthiis
883 2027 1059 2092 enim
1105 2041 1323 2095 narrat
1380 2029 1586 2116 (Met.
1634 2030 1684 2095 l.
1731 2029 1838 2113 X,
1897 2055 1967 2117 p.
2015 2032 2147 2097 217
2185 2054 2296 2120 sq.
2329 2018 2462 2098 ed.

453 2144 717 2233 Anah.)
756 2147 971 2237 pridie
1012 2146 1191 2212 veris
1237 2147 1394 2216 novi
1418 2155 1483 2232 ⁹)
1543 2148 1789 2214 festum
1840 2148 2245 2226 celebratum
2287 2172 2465 2232 esse,

565 2364 622 2429 ⁹)
676 2363 823 2415 Illud
860 2362 1251 2429 spectaculum‘
1273 2360 1453 2426 pridie
1489 2360 1637 2412 veris
1672 2363 1804 2415 novi
1847 2362 2166 2416 institutum
2201 2379 2323 2414 esse
2359 2361 2465 2415 etsi

666 2454 972 2523 Appulejus
1004 2472 1112 2505 non
1147 2469 1404 2519 expresse
1436 2453 1739 2518 adnotavit,
1794 2454 1951 2507 facili
1988 2454 2463 2525 argumentatione

663 2546 1151 2602 demonstrabitur.
1222 2547 1362 2598 Nam
1398 2548 1592 2598 eodem
1637 2547 1739 2599 illo
1775 2546 1912 2613 die,'
1947 2565 2054 2616 quo
2090 2547 2181 2599 die
2216 2553 2462 2616 tempore

663 2641 979 2718 vespertino
1028 2639 1305 2704 judicium
1352 2640 1573 2696 Paridis
1630 2643 2018 2716 celebrandum
2062 2641 2307 2694 instabat
2364 2657 2464 2693 ver
2569 2665 2576 2671 ·

662 2747 869 2793 novum
904 2752 1027 2790 esse
1061 2737 1300 2793 nondum
1339 2740 1624 2811 coeperat,
1661 2736 1759 2786 sed
1793 2740 2086 2787 venturum
2119 2736 2462 2811 sperabatur.

662 2828 885 2881 Etenim
901 2826 1108 2882 Lucius
1132 2826 1258 2889 ille,
1296 2829 1388 2879 vel
1422 2828 1609 2895 potius
1647 2826 1835 2880 asinus
1862 2827 2024 2890 cujus
2054 2827 2248 2879 forma
2254 2826 2464 2879 Lucius

663 2923 887 2975 indutus
949 2926 1095 2983 erat,
1157 2921 1327 2973 donec
1386 2921 1529 2972 rosis
1589 2920 1825 2972 comesis
1874 2921 2172 2973 humanam
2219 2921 2464 2990 speeiem

660 3020 1013 3082 recuperaret
1037 3014 1204 3080 (Lx,
1244 3032 1295 3080 p.
1313 3018 1421 3065 217
1432 3015 1489 3082 )ι
1528 3014 1752 3078 „Plane
1786 3013 1958 3078 tenui,
1996 3012 2194 3081 inquit,
2234 3015 2462 3082 specula

654 3111 898 3180 solabar,
918 3167 919 3170 Ἴ
936 3106 1122 3160 clades
1155 3106 1414 3171 ultimas3
1451 3109 1597 3175 quod
1623 3124 1723 3160 ver
1749 3093 1808 3159 in
1838 3107 1960 3175 ipso
1997 3113 2125 3175 ortu
2148 3106 2268 3170 jam
2301 3124 2462 3177 gem-

666 3201 838 3256 mulis
875 3200 1089 3253 floridis
1128 3206 1325 3252 cuncta
1360 3199 1704 3271 depingeret,
1745 3202 1948 3265 etjam
1969 3217 2246 3269 purpureo
2282 3200 2462 3252 nitore

659 3302 818 3365 prata
847 3295 1101 3346 vestiret:
1141 3299 1197 3345 et
1232 3295 1583 3346 commodum
1603 3293 1834 3364 dirupto
1868 3293 2057 3360 spineo
2078 3295 2324 3365 tegmine
2347 3294 2461 3362 spi-

661 3394 845 3441 rantes
865 3388 1178 3439 cinnameos
1198 3387 1394 3437 odores
1414 3386 1783 3453 promicarent
1806 3402 1987 3451 rosae,
2016 3404 2156 3454 quae
2177 3405 2268 3439 me
2290 3386 2464 3455 priori

663 3499 789 3535 meo
819 3481 995 3534 Lucio
1031 3482 1392 3535 redderent.“
1428 3483 1624 3549 ltaque
1658 3482 1725 3532 de
1749 3496 1878 3530 vere
1910 3496 2052 3533 novo
2077 3495 2184 3534 non
2208 3475 2466 3550 tanquam
2501 3489 2506 3492 “

656 3578 727 3633 de
774 3582 1060 3643 praesente
1115 3581 1171 3627 et
1210 3574 1333 3638 ,iam
1379 3581 1501 3628 orto
1554 3573 1805 3642 loquitur
1856 3575 1952 3625 scd
2005 3581 2069 3629 ut
2122 3577 2189 3628 de
2244 3576 2459 3640 futuro,

662 3669 916 3736 q‘uamvis
965 3650 1214 3736 proxime
1260 3668 1528 3732 instante3
1593 3685 1720 3721 nam
1765 3684 1873 3719 non
1921 3671 2129 3737 gaudet
2175 3669 2320 3736 quod
2365 3685 2465 3720 ver

652 3760 774 3823 jam
808 3760 1066 3824 redierit,
1104 3777 1372 3828 rosaeque
1403 3759 1524 3824 jam
1560 3759 1946 3827 promum-int,
1983 3762 2082 3813 sed
2118 3769 2305 3829 sperat
2341 3769 2462 3816 tan-

662 3860 781 3906 tum
819 3869 916 3905 ver
961 3871 1165 3906 novum
1200 3871 1327 3906 cum
1360 3853 1505 3904 rosis
1540 3854 1706 3919 paulo
1743 3860 1880 3921 post
1906 3854 2180 3907 oriturum
2216 3872 2356 3911 esse.
2392 3879 2462 3895 -

558 3951 563 3956 “
659 3947 839 4012 Atque
862 3946 912 3998 si
949 3946 1047 3998 illo
1084 3946 1173 3999 die
1212 3963 1309 4000 ver
1345 3963 1468 3998 esse
1496 3945 1618 4011 jam
1654 3945 1957 4015 coepisset,
1994 3963 2279 4013 rosarum,
2319 3962 2460 4017 quae
