2767 4425
502 259 600 324 54

503 439 747 529 Magna
772 439 855 505 de
886 442 1009 506 hoc
1039 462 1237 529 versu
1281 441 1812 529 conjecturarum
1856 434 2228 502 multitudo.
2316 435 2514 525 Lipa.

501 556 645 640 „in
707 569 887 645 toros
956 568 1257 646 tepentes
1277 563 1352 621 ⁶⁶.
1473 556 1657 627 Pith.
1748 566 2022 639 „toroa
2057 562 2527 645 Δειιιῐιειιῐεε<6Α

503 671 726 741 Scriv.
771 685 1020 757 „toros
1060 679 1443 763 Ρειεειιῐεεκ
1497 673 1608 738 vel
1666 676 2109 761 ,‚tepentes⁶⁶
2171 681 2239 736 et
2280 683 2520 760 postea

505 791 790 874 „nudos
875 802 1149 878 penates
1168 797 1243 855 ⁶⁶.
1387 787 1830 855 Wernsdorf.
1854 818 1873 852 a
1957 828 2014 871 ‚,
2028 786 2520 854 Inhaerendum

502 929 791 989 censeo,
840 908 1093 996 inquit,
1157 905 1606 973 Salmasianae
1651 905 1925 971 lectioni
1969 916 2035 970 et
2074 916 2268 995 notos
2316 928 2515 994 pena·

499 1034 604 1090 tes
646 1024 1046 1114 interpretor
1088 1025 1406 1091 corticem
1444 1022 1777 1089 nascentis
1819 1044 2037 1105 rosae,
2086 1045 2285 1110 quem
2329 1022 2518 1110 quasi

502 1124 908 1208 domicilium
943 1164 1133 1206 suum
1169 1141 1378 1230 magis
1416 1142 1760 1229 magisque
1793 1137 2064 1227 implet,
2110 1161 2324 1227 usque
2357 1139 2513 1205 dum

500 1258 746 1346 pandat
802 1281 879 1325 re
941 1270 1008 1324 et
1076 1259 1148 1323 in
1221 1244 1547 1323 calathum
1604 1257 1877 1322 abeat.⁶⁶
1989 1257 2169 1322 Huic
2232 1257 2530 1324 adsentit?

503 1370 857 1440 Orelllius.
1018 1364 1029 1371 ’

712 1488 811 1556 At
855 1491 1004 1579 quis
1064 1515 1355 1581 unquam
1412 1491 1729 1559 corticem
1782 1492 2119 1558 nascentis
2166 1515 2358 1558 rosae
2398 1516 2514 1581 pe-

501 1617 688 1673 nates
756 1631 907 1677 esse
979 1609 1146 1675 dixit
1222 1620 1330 1674 aut
1392 1609 1614 1674 dicere
1684 1609 1942 1698 potuit?
2055 1609 2386 1698 Equidem
2441 1609 2515 1675 in

506 1735 787 1811 utroque
826 1726 976 1792 eod.
1023 1748 1251 1793 verum
1292 1749 1445 1793 cum
1479 1726 1651 1793 falso
1714 1728 1987 1793 mixtum
2044 1749 2194 1792 esse
2239 1750 2508 1805 censeo.

497 1837 610 1904 Ex
652 1840 802 1906 eod.
847 1839 922 1907 S.
970 1843 1181 1929 probo
1224 1866 1466 1910 nomen
1526 1856 1788 1925 „notos
1809 1854 1902 1929 ⁶⁶,
1975 1868 2104 1910 una
2143 1844 2361 1910 littera
2402 1867 2514 1908 ex·

502 1967 734 2044 cepta3
780 1980 861 2024 ex
906 1958 1056 2024 cod.
1101 1959 1187 2024 P.
1231 1960 1519 2049 syllabas
1566 1998 1722 2049 „K—
1762 1974 1999 2051 pentes
2017 1968 2068 2006 ⁶⁶
2111 1961 2300 2050 (ante
2345 1984 2512 2050 quas

498 2073 676 2139 haud
737 2074 935 2140 dubie
976 2076 1214 2155 lacuna
1256 2080 1402 2167 est)
1459 2102 1589 2145 una
1615 2079 1881 2153 =iterum
1934 2079 2154 2146 littera
2209 2089 2505 2167 excepta.

499 2189 730 2259 'Velim
773 2191 951 2257 enim
990 2218 1115 2283 pro
1159 2195 1298 2280 „in
1347 2209 1541 2263 notos
1561 2201 1611 2241 ⁶⁶
1658 2196 1982 2263 scribatur
2023 2196 2162 2281 „in
2204 2196 2416 2262 nodos
2433 2201 2512 2277 ⁶⁶,

501 2333 672 2400 quae
726 2314 1119 2397 permutatio
1176 2314 1348 2379 inter
1406 2315 1447 2379 d
1493 2326 1559 2380 et
1606 2327 1633 2380 t
1683 2314 1881 2380 facile
1930 2313 2075 2378 fieri
2131 2313 2379 2403 potuit,
2449 2325 2515 2379 et

500 2428 571 2491 in
621 2437 900 2514 utroque
951 2429 1100 2493 cod.
1134 2431 1399 2518 saepius
1441 2432 1612 2497 facta
1658 2441 1780 2496 est.
1869 2428 2015 2495 Nee
2054 2430 2368 2496 audacius
2410 2441 2512 2495 est

503 2543 838 2629 conjicere
886 2584 1034 2627 „—
1064 2559 1300 2635 pentes
1321 2554 1372 2590 ⁶⁶
1417 2539 1799 2636 corruptum
1831 2569 1980 2621 esse
2019 2570 2105 2611 ex
2157 2585 2302 2631 „-
2329 2569 2510 2636 men-

500 2674 603 2728 tes
625 2668 717 2745 ⁶⁶3
788 2686 939 2726 nam
997 2662 1180 2744 siin
1236 2686 1317 2728 eo
1383 2664 1614 2730 codice
1678 2665 1851 2730 unde
1910 2664 2122 2730 nostri
2175 2658 2509 2729 fluxerunt

502 2777 820 2866 scriptum
865 2789 1004 2843 erat
1039 2754 1279 2845 litteris
1324 2781 1707 2868 majusculis
1764 2824 1918 2866 „—
1946 2803 2232 2861 mna,
2273 2780 2508 2844 neseio

501 2920 583 2966 au
612 2895 920 2960 librarius
947 2918 1223 2962 securus
1256 2898 1500 2987 legerit
1543 2935 1694 2981 „—
1717 2922 1995 2982 raum-13⁸3
2039 2896 2226 2983 cujus
2262 2894 2507 2961 erroris

503 3022 754 3079 certum
798 2993 1181 3103 ¹exemplum
1225 3027 1438 3080 exstat
1481 3015 1550 3079 in
1594 3028 1877 3103 utroque
1935 3014 2084 3080 cod.
2127 3038 2192 3078 v.
2236 3013 2358 3106 ⁷4.
2398 3012 2510 3076 ubi

497 3154 621 3220 pro
668 3143 1000 3220 „patrem
1020 3138 1071 3175 ⁶⁶
1134 3131 1456 3220 scriptum
1517 3144 1619 3197 est
1688 3139 2084 3215 „matrem⁶⁶
2144 3136 2505 3214 (mmm).

498 3244 773 3334 Syllaba
828 3258 976 3312 ante
1035 3284 1182 3330 „——
1212 3260 1469 3314 mentes
1487 3254 1537 3292 ⁶⁶
1599 3247 1942 3336 deperdita
1984 3248 2183 3312 facile
2226 3245 2510 3311 restitui-

494 3376 626 3447 tur.
670 3363 796 3429 fuit
837 3362 1011 3428 haud
1053 3363 1250 3429 dubie
1294 3409 1348 3447 ,,
1363 3377 1436 3429 tu
1477 3370 1658 3448 -⁶⁶3
1717 3375 2047 3432 tumentes
2084 3364 2261 3430 enim
2300 3362 2508 3428 nodos

494 3481 621 3545 hoc
679 3480 788 3544 loc
851 3480 1096 3568 optime
1166 3479 1298 3544 dici
1373 3491 1682 3567 apparet,
1767 3479 2352 3568 confirmatumque
2393 3455 2513 3543 est

496 3593 664 3659 locis
692 3595 1082 3682 quibusdam
1113 3595 1266 3660 huie
1296 3595 1674 3661 simillimis.
1744 3596 1925 3661 Plin.
1953 3597 2052 3661 11.
2079 3597 2145 3662 N
2150 3648 2170 3668 .
2197 3592 2398 3676 xxl,
2435 3593 2509 3657 4.

499 3706 910 3795 Epigramm.
961 3711 1042 3776 (le
1086 3710 1260 3777 rosis
1317 3713 1388 3776 in
1431 3709 1646 3792 Baud.
1690 3710 1927 3776 Amor.
1967 3709 2047 3801 Ρ.
2100 3713 2275 3778 446.
2369 3708 2512 3793 „In

497 3822 709 3890 nodos
755 3847 995 3913 urgere
1014 3833 1065 3871 ⁶⁶
1122 3826 1282 3894 dicit
1323 3825 1689 3916 Augustin.
1738 3827 1824 3908 de
1870 3822 2042 3890 ord.
2089 3828 2186 3910 V,
2228 3828 2345 3893 14.
